<?xml version="1.0" encoding="UTF-8"?>
<collection xmlns:xsi="http://www.w3.org/2001/XMLSchema-instance" xsi:schemaLocation="http://www.loc.gov/MARC21/slim http://www.loc.gov/standards/marcxml/schema/MARC21slim.xsd" xmlns="http://www.loc.gov/MARC21/slim">
<record>
  <leader>01132cam a22002771i 4500</leader>
  <controlfield tag="001">2596922</controlfield>
  <controlfield tag="003">NNC</controlfield>
  <controlfield tag="005">20100224195126.0</controlfield>
  <controlfield tag="008">940428s1937    iq            000 0 arar </controlfield>
  <datafield tag="010" ind1=" " ind2=" ">
    <subfield code="a">   60036649  </subfield>
  </datafield>
  <datafield tag="035" ind1=" " ind2=" ">
    <subfield code="a">(OCoLC)8961467</subfield>
  </datafield>
  <datafield tag="035" ind1=" " ind2=" ">
    <subfield code="a">(OCoLC)ocm08961467</subfield>
  </datafield>
  <datafield tag="035" ind1=" " ind2=" ">
    <subfield code="9">AQT6491CU</subfield>
  </datafield>
  <datafield tag="035" ind1=" " ind2=" ">
    <subfield code="a">(NNC)2596922</subfield>
  </datafield>
  <datafield tag="040" ind1=" " ind2=" ">
    <subfield code="a">DLC</subfield>
    <subfield code="c">TU</subfield>
    <subfield code="d">TU</subfield>
    <subfield code="d">CU</subfield>
  </datafield>
  <datafield tag="050" ind1="0" ind2=" ">
    <subfield code="a">Z7835.M6</subfield>
    <subfield code="b">T8</subfield>
  </datafield>
  <datafield tag="090" ind1=" " ind2=" ">
    <subfield code="a">Z7835.M6</subfield>
    <subfield code="b">T8</subfield>
  </datafield>
  <datafield tag="100" ind1="1" ind2=" ">
    <subfield code="a">Ṭūsī, Muḥammad ibn al-Ḥasan,</subfield>
    <subfield code="d">995-1067?</subfield>
  </datafield>
  <datafield tag="245" ind1="1" ind2="3">
    <subfield code="a">al-Fihrist,</subfield>
    <subfield code="c">taʾlīf shaykh al-ṭāʾifah Abī Jaʻfar Muḥammad ibn al-Ḥasan al-Ṭūsī. Ṣaḥḥaḥahu wa ʾallaqa ʻalayh Muḥammad Ṣādiq Āl Baḥr al-ʻulūm.</subfield>
  </datafield>
  <datafield tag="260" ind1=" " ind2=" ">
    <subfield code="a">al-Najaf,</subfield>
    <subfield code="c">1356 [1937]</subfield>
  </datafield>
  <datafield tag="300" ind1=" " ind2=" ">
    <subfield code="a">20, 196  p.</subfield>
    <subfield code="c">25 cm.</subfield>
  </datafield>
  <datafield tag="490" ind1="1" ind2=" ">
    <subfield code="a">Nashrīyāt al-Maktabah al-Murtaḍawīyah ;</subfield>
    <subfield code="v">95</subfield>
  </datafield>
  <datafield tag="500" ind1=" " ind2=" ">
    <subfield code="a">Cover title: al-Fihrist, contenant les biographies de presque 900 écrivains, par Abu Jaʾfar Muhammad ibn al-Hasan al-Ṭūsī. Rēdigē par Muhammad Sadiq Al Bahr al-Ulūm.</subfield>
  </datafield>
  <datafield tag="650" ind1=" " ind2="0">
    <subfield code="a">Shiites</subfield>
    <subfield code="v">Bibliography.</subfield>
  </datafield>
  <datafield tag="830" ind1=" " ind2="0">
    <subfield code="a">Nashrīyāt al-Maktabah al-Murtaḍawīyah ;</subfield>
    <subfield code="v">95.</subfield>
  </datafield>
  <datafield tag="955" ind1=" " ind2=" ">
    <subfield code="b">0114856883</subfield>
    <subfield code="d">glx</subfield>
    <subfield code="e">Z7835.M6 T8</subfield>
  </datafield>
</record>
</collection>